<collection xmlns="http://www.loc.gov/MARC21/slim">
<record>
  <leader>01480nam0a22002291i 450 </leader>
  <controlfield tag="001">IT\ICCU\CNCE\041755</controlfield>
  <controlfield tag="005">19981201000000.0</controlfield>
  <datafield tag="012" ind1=" " ind2=" ">
    <subfield code="a">i.i. lili bae- *Duo (3) 1524 (T)</subfield>
    <subfield code="2">fei</subfield>
  </datafield>
  <datafield tag="100" ind1=" " ind2=" ">
    <subfield code="a">19981201d1524        0itac0103    ba</subfield>
  </datafield>
  <datafield tag="101" ind1=" " ind2=" ">
    <subfield code="a">LAT</subfield>
  </datafield>
  <datafield tag="102" ind1=" " ind2=" ">
    <subfield code="a">IT</subfield>
  </datafield>
  <datafield tag="200" ind1="1" ind2=" ">
    <subfield code="a">℗Ioannis Gerson ... ℗De imitatione christi: de mundi: &amp; omnium uanitatum contemptu: libri quatuor: in quibus totius humane uite series luculentissime absoluitur. Adiuncto insuper eiusdem auctoris: De meditatione cordis eximio tractatu. Nouissime post omnes impressiones ubique locorum excussas: collatis multis exemplaribus: assatim recogniti: cunctisque mendis &amp; erroribus expurgati</subfield>
  </datafield>
  <datafield tag="210" ind1=" " ind2=" ">
    <subfield code="e">Impressi Venetijs: per Benedictum &amp; Augustinum Bindonos</subfield>
    <subfield code="h">1524 die quinque octobris</subfield>
  </datafield>
  <datafield tag="215" ind1=" " ind2=" ">
    <subfield code="a">LXXXVII, \1! c.</subfield>
    <subfield code="c">ill.</subfield>
    <subfield code="d"></subfield>
  </datafield>
  <datafield tag="300" ind1=" " ind2=" ">
    <subfield code="a"></subfield>
  </datafield>
  <datafield tag="620" ind1=" " ind2=" ">
    <subfield code="a">IT</subfield>
    <subfield code="d">Venezia</subfield>
  </datafield>
  <datafield tag="712" ind1="0" ind2="0">
    <subfield code="a">Bindoni, Benedetto &amp; Bindoni, Agostino</subfield>
    <subfield code="3">IT\ICCU\CNCT\000426</subfield>
    <subfield code="4">650</subfield>
  </datafield>
  <datafield tag="801" ind1=" " ind2="3">
    <subfield code="a">IT</subfield>
    <subfield code="b">ICCU</subfield>
    <subfield code="c">20201114</subfield>
  </datafield>
  <datafield tag="899" ind1=" " ind2=" ">
    <subfield code="a">Biblioteca nazionale centrale. Roma</subfield>
    <subfield code="1">RM0267</subfield>
    <subfield code="2">BVE CR</subfield>
  </datafield>
  <datafield tag="899" ind1=" " ind2=" ">
    <subfield code="a">Biblioteca universitaria Alessandrina. Roma</subfield>
    <subfield code="1">RM0280</subfield>
    <subfield code="2">RML 01</subfield>
  </datafield>
  <datafield tag="911" ind1=" " ind2=" ">
    <subfield code="a">In fine.</subfield>
    <subfield code="9">IT\ICCU\CNCM\000320</subfield>
  </datafield>
  <datafield tag="921" ind1=" " ind2=" ">
    <subfield code="a">IT\ICCU\CNCM\000320</subfield>
    <subfield code="b">Giustizia (donna coronata seduta in trono tra due leoni con spada e bilancia). In alto le iniziali A.B.</subfield>
    <subfield code="c">Z688</subfield>
    <subfield code="d">Dimensioni: 3,5 x 4,3</subfield>
    <subfield code="f">AB</subfield>
    <subfield code="f">GIUSTIZIA</subfield>
    <subfield code="f">TRONO</subfield>
    <subfield code="g">[152.]</subfield>
  </datafield>
</record>
</collection>
